@inproceedings{DSPcam,
  title={DSPcam: A camera sensor system for surveillance networks},
  author={Kandhalu, Arvind and Rowe, Anthony and Rajkumar, R},
  booktitle={Distributed Smart Cameras, 2009. ICDSC 2009. Third ACM/IEEE International Conference on},
  pages={1--7},
  year={2009},
  organization={IEEE}
}