@online{raspberrypi,
howpublished = {\url{http://www.raspberrypi.org/introducing-raspberry-pi-model-b-plus/}},
  author = {Raspberry Pi Foundation},
  title = {Raspberry Pi},
  year = 2014
  
}

@online{opencv,
howpublished = {\url{http://www.opencv.org}},
  author = {itseez},
  title = {Raspberry Pi},
  year = 2014
  
}

@online{msp430,
howpublished = {\url{http://www.ti.com/msp430launchpad}},
  title = {MSP430},
  year = 2014
  
}

@online{buildroot,
howpublished = {\url{http://buildroot.uclibc.org/}},
  title = {Buildroot},
  year = 2014
}

@online{rpicamera,
howpublished = {\url{http://elinux.org/Rpi_Camera_Module}},
  title = {Raspberry Pi Camera Module},
  year = 2014
}

@online{wifi,
howpublished = {\url{http://www.microchip.com/rn171}},
  title = {RN-171 Wifi Module},
  year = 2014
}

@article{Citric,
  title={A low-bandwidth camera sensor platform with applications in smart camera networks},
  author={Chen, Phoebus and Hong, Kirak and Naikal, Nikhil and Sastry, S Shankar and Tygar, Doug and Yan, Posu and Yang, Allen Y and Chang, Lung-Chung and Lin, Leon and Wang, Simon and others},
  journal={ACM Transactions on Sensor Networks (TOSN)},
  volume={9},
  number={2},
  pages={21},
  year={2013},
  publisher={ACM}
}

@article{Flexi-WVSNP,
  title={Towards efficient wireless video sensor networks: A survey of existing node architectures and proposal for a Flexi-WVSNP design},
  author={Seema, Adolph and Reisslein, Martin},
  journal={Communications Surveys \& Tutorials, IEEE},
  volume={13},
  number={3},
  pages={462--486},
  year={2011},
  publisher={IEEE}
}

@inproceedings{AccLatEnergy,
  title={Analysis of the accuracy-latency-energy tradeoff for wireless embedded camera networks},
  author={Pinto, Alvaro and Zhang, Zhe and Dong, Xin and Velipasalar, Senem and Vuran, Mehmet Can and Gursoy, Mustafa Cenk},
  booktitle={Wireless Communications and Networking Conference (WCNC), 2011 IEEE},
  pages={2101--2106},
  year={2011},
  organization={IEEE}
}

@INPROCEEDINGS{solarpirvideo, 
author={Magno, M. and Brunelli, D. and Zappi, P. and Benini, L.}, 
booktitle={Digital System Design Architectures, Methods and Tools, 2008. DSD '08. 11th EUROMICRO Conference on}, 
title={A Solar-powered Video Sensor Node for Energy Efficient Multimodal Surveillance}, 
year={2008}, 
month={Sept}, 
pages={512-519}, 
keywords={Buildings;CMOS image sensors;Energy consumption;Energy efficiency;Multimodal sensors;Sensor phenomena and characterization;Support vector machine classification;Support vector machines;Surveillance;Wireless sensor networks}, 
doi={10.1109/DSD.2008.23},}

@ARTICLE{SWEETcam, 
author={Abas, K. and Porto, C. and Obraczka, K.}, 
journal={Computer}, 
title={Wireless Smart Camera Networks for the Surveillance of Public Spaces}, 
year={2014}, 
month={May}, 
volume={47}, 
number={5}, 
pages={37-44}, 
keywords={cameras;video surveillance;wireless sensor networks;SWEETcam;energy-performance tradeoffs;public space surveillance;wireless smart camera networks;Bandwidth;Cameras;Data visualization;Energy efficiency;Smart cameras;Surveillance;Wireless communication;Wireless sensor networks;computer vision;distributed systems;embedded systems;hardware;image processing;pervasive computing;surveillance systems;visualization;wireless sensor networks}, 
doi={10.1109/MC.2014.140}, 
ISSN={0018-9162},}